<record><leader>00000cas a2200000 a 4500</leader><controlfield tag="001">36631033</controlfield><controlfield tag="008">970326d19831985fluwr ne      0    0eng c</controlfield><datafield ind1=" " ind2=" " tag="010"><subfield code="a">sn 97027680 </subfield></datafield><datafield ind1=" " ind2=" " tag="040"><subfield code="a">FUG</subfield><subfield code="b">eng</subfield><subfield code="c">FUG</subfield><subfield code="d">OCLCQ</subfield><subfield code="d">OCLCF</subfield><subfield code="d">OCLCO</subfield></datafield><datafield ind1=" " ind2=" " tag="012"><subfield code="i">9703</subfield></datafield><datafield ind1="1" ind2=" " tag="029"><subfield code="a">AU@</subfield><subfield code="b">000013200742</subfield></datafield><datafield ind1=" " ind2=" " tag="042"><subfield code="a">pcc</subfield></datafield><datafield ind1=" " ind2=" " tag="043"><subfield code="a">n-us-fl</subfield></datafield><datafield ind1="0" ind2=" " tag="130"><subfield code="a">Mirror (Jensen Beach, Fla. : Port St. Lucie ed.)</subfield></datafield><datafield ind1="1" ind2="4" tag="245"><subfield code="a">The mirror.</subfield></datafield><datafield ind1=" " ind2=" " tag="250"><subfield code="a">Port St. Lucie [ed.].</subfield></datafield><datafield ind1=" " ind2=" " tag="260"><subfield code="a">Jensen Beach, Fla. :</subfield><subfield code="b">Mirror Newspapers,</subfield><subfield code="c">1983-1985.</subfield></datafield><datafield ind1=" " ind2=" " tag="300"><subfield code="a">v. :</subfield><subfield code="b">ill. ;</subfield><subfield code="c">58 cm.</subfield></datafield><datafield ind1=" " ind2=" " tag="310"><subfield code="a">Weekly</subfield></datafield><datafield ind1="0" ind2=" " tag="362"><subfield code="a">Vol. 24, no. 3 (Aug. 10, 1983)-v. 25, no. 1 (Jan. 4, 1984) ; v. 23, no. 2 (Jan. 11, 1984)-v. 24, no. 13 (Mar. 27, 1985).</subfield></datafield><datafield ind1=" " ind2=" " tag="530"><subfield code="a">Also issued on microfilm from the University of Florida.</subfield></datafield><datafield ind1=" " ind2="0" tag="651"><subfield code="a">Jensen Beach (Fla.)</subfield><subfield code="v">Newspapers.</subfield></datafield><datafield ind1=" " ind2="0" tag="651"><subfield code="a">Martin County (Fla.)</subfield><subfield code="v">Newspapers.</subfield></datafield><datafield ind1=" " ind2="0" tag="651"><subfield code="a">Port Saint Lucie (Fla.)</subfield><subfield code="v">Newspapers.</subfield></datafield><datafield ind1=" " ind2="0" tag="651"><subfield code="a">Saint Lucie County (Fla.)</subfield><subfield code="v">Newspapers.</subfield></datafield><datafield ind1=" " ind2="7" tag="655"><subfield code="a">Newspapers.</subfield><subfield code="2">fast</subfield><subfield code="0">(OCoLC)fst01423814</subfield></datafield><datafield ind1=" " ind2="7" tag="651"><subfield code="a">Florida</subfield><subfield code="z">Jensen Beach.</subfield><subfield code="2">fast</subfield><subfield code="0">(OCoLC)fst01215461</subfield></datafield><datafield ind1=" " ind2="7" tag="651"><subfield code="a">Florida</subfield><subfield code="z">Martin County.</subfield><subfield code="2">fast</subfield><subfield code="0">(OCoLC)fst01215463</subfield></datafield><datafield ind1=" " ind2="7" tag="651"><subfield code="a">Florida</subfield><subfield code="z">Port Saint Lucie.</subfield><subfield code="2">fast</subfield><subfield code="0">(OCoLC)fst01216547</subfield></datafield><datafield ind1=" " ind2="7" tag="651"><subfield code="a">Florida</subfield><subfield code="z">Saint Lucie County.</subfield><subfield code="2">fast</subfield><subfield code="0">(OCoLC)fst01210220</subfield></datafield><datafield ind1=" " ind2=" " tag="752"><subfield code="a">United States</subfield><subfield code="b">Florida</subfield><subfield code="c">Martin</subfield><subfield code="d">Jensen Beach.</subfield></datafield><datafield ind1=" " ind2=" " tag="752"><subfield code="a">United States</subfield><subfield code="b">Florida</subfield><subfield code="c">Saint Lucie</subfield><subfield code="d">Port Saint Lucie.</subfield></datafield><datafield ind1="0" ind2=" " tag="775"><subfield code="t">Mirror (Jensen Beach, Fla. : Jensen Beach ed.)</subfield><subfield code="w">(DLC)sn 97027677</subfield><subfield code="w">(OCoLC)36631029</subfield></datafield><datafield ind1="1" ind2=" " tag="776"><subfield code="c">Microfilm</subfield><subfield code="d">George A. Smathers Libraries, University of Florida</subfield><subfield code="w">(DLC)sn 98026410</subfield><subfield code="w">(OCoLC)39224591</subfield></datafield><datafield ind1="0" ind2="0" tag="780"><subfield code="t">Port St. Lucie mirror (Port Saint Lucie, Fla.)</subfield><subfield code="w">(DLC)sn 97027679</subfield><subfield code="w">(OCoLC)36631032</subfield></datafield><datafield ind1="0" ind2="0" tag="785"><subfield code="t">Port St. Lucie mirror (Jensen Beach, Fla.)</subfield><subfield code="w">(DLC)sn 97027681</subfield><subfield code="w">(OCoLC)36631034</subfield></datafield><datafield ind1=" " ind2=" " tag="850"><subfield code="a">FU</subfield></datafield></record>